@online{Koenig,
author = {S. Koenig and M. Likhachev.},
title  = {D* Lite},
year   = {2002},
url    = {http://idm-lab.org/bib/abstracts/papers/aimag04a.pdf}
}
@online{Sven,
author = {Sven Koenig},
title  = {Project "Fast Replanning (Incremental Heuristic Search)"},
date   = {},
url    = {http://idm-lab.org/project-a.html}
}
@online{Furcy,
author = {Sven Koenig a, Maxim Likhachev b, and David Furcy c},
title  = {Lifelong Planning A*},
date   = {http://www.cs.cmu.edu/~maxim/files/aij04.pdf},
url    = {https://web.stanford.edu/class/archive/cs/cs166/cs166.1166/lectures/14/Slides14.pdf}
}
@online{PathPlanning,
author = {},
title  = {Incremental Path Planning},
date   = {},
url    = {https://ocw.mit.edu/courses/16-412j-cognitive-robotics-spring-2016/resources/advanced-lecture-1/}
}
@online{Planning,
author = {},
title  = {[Planning] D* Lite path search algorithm},
date   = {},
url    = {https://www.programmersought.com/article/1946589861/}
}
@online{Research,
author = {},
title  = {Research and Optimization of D-Start Lite Algorithm in Track Planning},
date   = {},
url    = {https://ieeexplore.ieee.org/abstract/document/9184858}
}
@online{Algorithm,
author = {},
title  = {D-STAR},
date   = {},
url    = {https://ieeexplore.ieee.org/abstract/document/5501636}
}
@online{neerc,
author = {},
title  = {Алгоритм D*},
date   = {},
url    = {https://neerc.ifmo.ru/wiki/index.php?title=Алгоритм_D*}
}